<?xml version="1.0" encoding="UTF-8"?><collection xmlns="http://www.loc.gov/MARC21/slim"><record><leader>00404nam--2200133-i-4500</leader><controlfield tag="001">000033633</controlfield><controlfield tag="002">20161230</controlfield><controlfield tag="005">20161230201039</controlfield><controlfield tag="008">060222s1000------------r-----000-0-eng-d</controlfield><datafield ind1=" " ind2=" " tag="080"><subfield code="a">620.183:53.081</subfield></datafield><datafield ind1=" " ind2=" " tag="100"><subfield code="a">Nedelcu, N</subfield></datafield><datafield ind1=" " ind2=" " tag="245"><subfield code="a">Tabele de coroziune pt.materialele curent folosite pt.protectia..</subfield></datafield><datafield ind1=" " ind2=" " tag="260"><subfield code="a">Bucuresti, Ministerul De Constructii Pt.Ind.Chimica Si Rafinarii, F.An. 230p</subfield></datafield><datafield ind1=" " ind2=" " tag="852"><subfield code="a">37736</subfield></datafield></record></collection>